<?xml version="1.0" encoding="UTF-8"?><record xmlns="http://www.loc.gov/MARC21/slim" xmlns:cinclude="http://apache.org/cocoon/include/1.0" xmlns:zs="http://www.loc.gov/zing/srw/">
  <leader>00355nz  a2200133n  4500</leader>
  <controlfield tag="001">no2006096085</controlfield>
  <controlfield tag="003">DLC</controlfield>
  <controlfield tag="005">20060918094909.0</controlfield>
  <controlfield tag="008">060630n| acannaabn          |n aaa     c</controlfield>
  <datafield tag="010" ind1=" " ind2=" ">
    <subfield code="a">no2006096085</subfield>
  </datafield>
  <datafield tag="035" ind1=" " ind2=" ">
    <subfield code="a">(OCoLC)oca07047159</subfield>
  </datafield>
  <datafield tag="040" ind1=" " ind2=" ">
    <subfield code="a">OBgU-MA</subfield>
    <subfield code="b">eng</subfield>
    <subfield code="c">OBgU-MA</subfield>
  </datafield>
  <datafield tag="100" ind1="1" ind2=" ">
    <subfield code="a">Marshall, Mattie</subfield>
  </datafield>
  <datafield tag="670" ind1=" " ind2=" ">
    <subfield code="a">8 top hits [SR] 1956:</subfield>
    <subfield code="b">label (Mattie Marshall, vocals)</subfield>
  </datafield>
</record>